4476 5914
645 1007 1335 1120 DEDI'CATORIA.

522 1191 925 1326 nihildealiisejus
941 1191 1147 1328 scriptis,
1163 1192 1441 1298 lucubratio·

519 1353 749 1494 nibusque
756 1355 936 1458 dicatur
941 1421 961 1476 ,
992 1377 1107 1488 quas
1122 1354 1293 1484 partim
1310 1335 1445 1465 vivus

520 1516 706 1636 edidit,
735 1517 907 1652 partim
936 1513 1206 1634 inchoatas,
1235 1513 1315 1615 vel
1329 1513 1446 1614 affe·

519 1675 617 1780 &as
629 1673 853 1796 habebat,
871 1699 1076 1810 quantus
1092 1669 1303 1774 cumulus
1318 1675 1451 1774 nobi·

515 1827 781 1943 lisinnarum
809 1832 1100 1957 cauisarum,
1132 1857 1305 1966 quanta
1332 1836 1450 1964 juris

513 1989 715 2100 scientia
743 1995 940 2118 nostrae,
968 2026 1073 2132 quae
1093 1995 1230 2094 nimis
1252 1989 1452 2125 angustis

512 2156 685 2290 privati
704 2159 822 2294 juris
860 2155 1083 2260 cancellis
1109 2152 1266 2256 claudi
1291 2184 1347 2251 ac
1363 2152 1449 2252 cir·

513 2317 759 2423 mmscribi
783 2319 994 2438 videtur,
1024 2307 1358 2446 amplificanda
1377 2309 1445 2412 fa·

513 2477 769 2600 cinnomo
784 2479 1011 2593 extiniio,
1024 2475 1192 2607 periit?
1216 2471 1363 2605 Cujus
1378 2477 1445 2574 rei

511 2637 885 2774 argumentumfi
911 2635 1090 2738 nullum
1109 2631 1238 2732 aliud
1257 2627 1445 2731 habere·

512 2834 651 2924 mua,
681 2799 761 2904 hic
790 2824 915 2902 certe
943 2795 1060 2896 liber
1099 2787 1449 2926 ampliffimum,

513 2959 598 3062 nisi
626 2955 800 3077 fallor,
837 2949 1226 3084 clarissimumque
1245 2947 1446 3058 testimo·

510 3119 641 3220 nium
652 3118 853 3254 piabere
866 3109 1018 3250 poffit.
1054 3111 1149 3212 Sed
1168 3107 1444 3214 veriffimum

511 3276 726 3408 profesto
744 3273 846 3396 est,
878 3271 1012 3409 quod
1029 3270 1235 3387 dicitur,
1265 3267 1444 3402 semper
1619 3307 1620 3311 ¹

515 3471 787 3572 praernature
803 3440 923 3538 mori
941 3434 1092 3537 videri
1113 3429 1260 3532 claros
1293 3424 1444 3529 homi·

515 3632 630 3724 nes,
657 3615 709 3710 .&
732 3603 874 3704 literis
897 3630 953 3704 ac
985 3588 1208 3724 Reipubl.
1229 3588 1443 3720 juvanda
1470 3723 1472 3728 V

514 3787 660 3866 natos,
707 3761 853 3864 Hunc
871 3761 1014 3894 igitur
1035 3753 1205 3862 librum
1221 3749 1368 3865 Tibi,
1382 3745 1444 3849 11-

512 3919 766 4026 lustriffime
776 3922 1007 4037 Domine,
1028 3916 1167 4016 mitto
1175 3910 1440 4044 dedicoque

507 4087 802 4224 justissunis,
845 4111 900 4188 ut
924 4084 1137 4217 opinor,
1169 4076 1232 4176 de
1267 4069 1441 4172 caussis.

512 4255 643 4358 Nam
662 4248 929 4382 Hispanicae
948 4235 1264 4352 advocationis
1290 4236 1342 4336 in
1362 4265 1445 4336 ex.

514 4417 655 4520 ternis
664 4413 812 4550 regnis
823 4409 962 4510 obitae
973 4403 1163 4536 scriptio
1186 4397 1264 4501 cui
1276 4393 1440 4532 justius

515 4579 742 4701 debetur,
769 4603 911 4713 quam
939 4563 1203 4698 Hispanico
1234 4563 1440 4818 Legago?

1021 4731 1119 4842 *4
1395 4714 1445 4824 ui
