<?xml version="1.0" encoding="UTF-8"?>
<!DOCTYPE html PUBLIC "-//W3C//DTD XHTML 1.0 Transitional//EN"
    "http://www.w3.org/TR/xhtml1/DTD/xhtml1-transitional.dtd">
<html xmlns="http://www.w3.org/1999/xhtml" xml:lang="en" lang="en">
 <head>
  <title>
</title>
<meta http-equiv="Content-Type" content="text/html;charset=utf-8" />
  <meta name='ocr-system' content='tesseract 3.04.00' />
  <meta name='ocr-capabilities' content='ocr_page ocr_carea ocr_par ocr_line ocrx_word'/>
</head>
<body>
  <div class='ocr_page' id='page_1' title='image "./hispanicaeadvoc01gentgoog_0054.png"; bbox 0 0 4476 5914; ppageno 0'>
   <div class='ocr_carea' id='block_1_1' title="bbox 612 1007 1298 1116">
    <p class='ocr_par' dir='ltr' id='par_1_1' title="bbox 612 1007 1298 1116">
     <span class='ocr_line' id='line_1_1' title="bbox 612 1007 1298 1116; baseline -0.003 0"><span class='ocrx_word' id='word_1_1' title='bbox 612 1007 1298 1116; x_wconf 86' lang='lat' dir='ltr'>DEDICATORIA.</span> 
     </span>
    </p>
   </div>
   <div class='ocr_carea' id='block_1_2' title="bbox 489 1189 1416 1478">
    <p class='ocr_par' dir='ltr' id='par_1_2' title="bbox 489 1189 1416 1478">
     <span class='ocr_line' id='line_1_2' title="bbox 495 1189 1416 1328; baseline 0.002 -34"><span class='ocrx_word' id='word_1_2' title='bbox 495 1223 593 1326; x_wconf 89' lang='lat' dir='ltr'>quo</span> <span class='ocrx_word' id='word_1_3' title='bbox 614 1195 717 1324; x_wconf 87' lang='lat' dir='ltr'>jure</span> <span class='ocrx_word' id='word_1_4' title='bbox 737 1189 983 1327; x_wconf 84' lang='lat' dir='ltr'>disceptari</span> <span class='ocrx_word' id='word_1_5' title='bbox 1005 1221 1245 1328; x_wconf 86' lang='lat' dir='ltr'>pateretur.</span> <span class='ocrx_word' id='word_1_6' title='bbox 1312 1192 1416 1296; x_wconf 84' lang='lat' dir='ltr'>Nec</span> 
     </span>
     <span class='ocr_line' id='line_1_3' title="bbox 489 1343 1411 1478; baseline 0 -34"><span class='ocrx_word' id='word_1_7' title='bbox 489 1345 677 1477; x_wconf 82' lang='lat' dir='ltr'>privatae</span> <span class='ocrx_word' id='word_1_8' title='bbox 688 1343 941 1448; x_wconf 78' lang='lat' dir='ltr'>illaecauss&#39;ae</span> <span class='ocrx_word' id='word_1_9' title='bbox 953 1379 1112 1448; x_wconf 87' lang='lat' dir='ltr'>omnes</span> <span class='ocrx_word' id='word_1_10' title='bbox 1124 1417 1141 1469; x_wconf 86' lang='lat'><strong>,</strong></span> <span class='ocrx_word' id='word_1_11' title='bbox 1152 1352 1230 1450; x_wconf 85' lang='lat' dir='ltr'>vel</span> <span class='ocrx_word' id='word_1_12' title='bbox 1248 1349 1306 1448; x_wconf 88' lang='lat' dir='ltr'>ad</span> <span class='ocrx_word' id='word_1_13' title='bbox 1316 1349 1411 1478; x_wconf 89' lang='lat' dir='ltr'>pri·</span> 
     </span>
    </p>
   </div>
   <div class='ocr_carea' id='block_1_3' title="bbox 487 1503 1424 3694">
    <p class='ocr_par' dir='ltr' id='par_1_3' title="bbox 487 1503 1424 3694">
     <span class='ocr_line' id='line_1_4' title="bbox 489 1503 1413 1640; baseline 0.002 -36"><span class='ocrx_word' id='word_1_14' title='bbox 489 1503 775 1605; x_wconf 87' lang='lat' dir='ltr'>vatosmodo</span> <span class='ocrx_word' id='word_1_15' title='bbox 787 1506 1091 1638; x_wconf 75' lang='lat' dir='ltr'>pertinenteS,</span> <span class='ocrx_word' id='word_1_16' title='bbox 1116 1507 1413 1640; x_wconf 75' lang='lat' dir='ltr'>sedquaedam</span> 
     </span>
     <span class='ocr_line' id='line_1_5' title="bbox 487 1660 1411 1798; baseline 0.004 -34"><span class='ocrx_word' id='word_1_17' title='bbox 487 1687 627 1764; x_wconf 84' lang='lat' dir='ltr'>etum</span> <span class='ocrx_word' id='word_1_18' title='bbox 645 1660 874 1794; x_wconf 83' lang='lat' dir='ltr'>publicae,</span> <span class='ocrx_word' id='word_1_19' title='bbox 901 1665 1076 1797; x_wconf 87' lang='lat' dir='ltr'>dejure</span> <span class='ocrx_word' id='word_1_20' title='bbox 1094 1666 1235 1785; x_wconf 84' lang='lat' dir='ltr'>belli,</span> <span class='ocrx_word' id='word_1_21' title='bbox 1266 1667 1327 1768; x_wconf 86' lang='lat' dir='ltr'>de</span> <span class='ocrx_word' id='word_1_22' title='bbox 1336 1671 1411 1798; x_wconf 92' lang='lat' dir='ltr'>ju·</span> 
     </span>
     <span class='ocr_line' id='line_1_6' title="bbox 487 1818 1413 1958; baseline 0.001 -37"><span class='ocrx_word' id='word_1_23' title='bbox 487 1852 802 1958; x_wconf 72' lang='lat' dir='ltr'>turegnorum</span> <span class='ocrx_word' id='word_1_24' title='bbox 822 1852 879 1919; x_wconf 87' lang='lat' dir='ltr'>ac</span> <span class='ocrx_word' id='word_1_25' title='bbox 897 1818 1126 1923; x_wconf 85' lang='lat' dir='ltr'>foederum</span> <span class='ocrx_word' id='word_1_26' title='bbox 1144 1849 1285 1924; x_wconf 88' lang='lat' dir='ltr'>erant.</span> <span class='ocrx_word' id='word_1_27' title='bbox 1340 1823 1413 1922; x_wconf 90' lang='lat' dir='ltr'>O·</span> 
     </span>
     <span class='ocr_line' id='line_1_7' title="bbox 491 1981 1416 2114; baseline -0.001 -33"><span class='ocrx_word' id='word_1_28' title='bbox 491 1984 979 2103; x_wconf 85' lang='lat' dir='ltr'>mniumautemcura,</span> <span class='ocrx_word' id='word_1_29' title='bbox 998 2015 1053 2083; x_wconf 90' lang='lat' dir='ltr'>ac</span> <span class='ocrx_word' id='word_1_30' title='bbox 1070 1981 1416 2114; x_wconf 82' lang='lat' dir='ltr'>solicitudopro</span> 
     </span>
     <span class='ocr_line' id='line_1_8' title="bbox 495 2139 1424 2278; baseline 0.001 -37"><span class='ocrx_word' id='word_1_31' title='bbox 495 2139 724 2278; x_wconf 85' lang='lat' dir='ltr'>Hispanis</span> <span class='ocrx_word' id='word_1_32' title='bbox 742 2141 836 2245; x_wconf 86' lang='lat' dir='ltr'>suis</span> <span class='ocrx_word' id='word_1_33' title='bbox 855 2141 1100 2245; x_wconf 79' lang='lat' dir='ltr'>necessario</span> <span class='ocrx_word' id='word_1_34' title='bbox 1126 2142 1424 2246; x_wconf 85' lang='lat' dir='ltr'>incumbebat¹</span> 
     </span>
     <span class='ocr_line' id='line_1_9' title="bbox 491 2299 1424 2435; baseline -0.004 -35"><span class='ocrx_word' id='word_1_35' title='bbox 491 2303 571 2421; x_wconf 84' lang='lat' dir='ltr'>ei,</span> <span class='ocrx_word' id='word_1_36' title='bbox 605 2303 688 2435; x_wconf 92' lang='lat' dir='ltr'>qui</span> <span class='ocrx_word' id='word_1_37' title='bbox 706 2299 793 2400; x_wconf 85' lang='lat' dir='ltr'>illo</span> <span class='ocrx_word' id='word_1_38' title='bbox 811 2327 1021 2433; x_wconf 88' lang='lat' dir='ltr'>tempore</span> <span class='ocrx_word' id='word_1_39' title='bbox 1047 2301 1098 2400; x_wconf 89' lang='lat' dir='ltr'>in</span> <span class='ocrx_word' id='word_1_40' title='bbox 1123 2300 1292 2435; x_wconf 82' lang='lat' dir='ltr'>Anglia</span> <span class='ocrx_word' id='word_1_41' title='bbox 1319 2301 1424 2402; x_wconf 76' lang='lat' dir='ltr'>Ca..</span> 
     </span>
     <span class='ocr_line' id='line_1_10' title="bbox 489 2456 1416 2596; baseline -0.004 -34"><span class='ocrx_word' id='word_1_42' title='bbox 489 2456 606 2562; x_wconf 76' lang='lat' dir='ltr'>thot</span> <span class='ocrx_word' id='word_1_43' title='bbox 661 2459 811 2596; x_wconf 82' lang='lat' dir='ltr'>Regis</span> <span class='ocrx_word' id='word_1_44' title='bbox 829 2457 966 2559; x_wconf 86' lang='lat' dir='ltr'>vestri</span> <span class='ocrx_word' id='word_1_45' title='bbox 984 2459 1171 2558; x_wconf 88' lang='lat' dir='ltr'>nomine</span> <span class='ocrx_word' id='word_1_46' title='bbox 1191 2459 1416 2593; x_wconf 86' lang='lat' dir='ltr'>Legatum</span> 
     </span>
     <span class='ocr_line' id='line_1_11' title="bbox 487 2613 1416 2754; baseline -0.006 -32"><span class='ocrx_word' id='word_1_47' title='bbox 487 2616 665 2754; x_wconf 74' lang='lat' dir='ltr'>agebat.</span> <span class='ocrx_word' id='word_1_48' title='bbox 695 2613 860 2718; x_wconf 85' lang='lat' dir='ltr'>Istum</span> <span class='ocrx_word' id='word_1_49' title='bbox 878 2643 975 2718; x_wconf 85' lang='lat' dir='ltr'>erat</span> <span class='ocrx_word' id='word_1_50' title='bbox 993 2617 1174 2753; x_wconf 84' lang='lat' dir='ltr'>gentilis</span> <span class='ocrx_word' id='word_1_51' title='bbox 1190 2643 1318 2736; x_wconf 90' lang='lat' dir='ltr'>tuus,</span> <span class='ocrx_word' id='word_1_52' title='bbox 1349 2616 1416 2717; x_wconf 83' lang='lat'>11-</span> 
     </span>
     <span class='ocr_line' id='line_1_12' title="bbox 487 2773 1409 2887; baseline -0.005 -8"><span class='ocrx_word' id='word_1_53' title='bbox 487 2773 768 2879; x_wconf 84' lang='lat' dir='ltr'>lustriffimus</span> <span class='ocrx_word' id='word_1_54' title='bbox 793 2787 841 2887; x_wconf 87' lang='lat'>&amp;</span> <span class='ocrx_word' id='word_1_55' title='bbox 869 2773 1280 2876; x_wconf 83' lang='lat' dir='ltr'>Excellentiffimus</span> <span class='ocrx_word' id='word_1_56' title='bbox 1297 2777 1409 2880; x_wconf 88' lang='lat' dir='ltr'>Don</span> 
     </span>
     <span class='ocr_line' id='line_1_13' title="bbox 492 2933 1413 3067; baseline 0 -31"><span class='ocrx_word' id='word_1_57' title='bbox 492 2933 946 3054; x_wconf 84' lang='lat' dir='ltr'>PetrusdeZunica,</span> <span class='ocrx_word' id='word_1_58' title='bbox 977 2933 1413 3067; x_wconf 86' lang='lat' dir='ltr'>virsuprasplendo-</span> 
     </span>
     <span class='ocr_line' id='line_1_14' title="bbox 493 3095 1417 3230; baseline 0.004 -34"><span class='ocrx_word' id='word_1_59' title='bbox 493 3129 592 3196; x_wconf 85' lang='lat' dir='ltr'>rem</span> <span class='ocrx_word' id='word_1_60' title='bbox 607 3096 854 3216; x_wconf 82' lang='lat' dir='ltr'>natalium,</span> <span class='ocrx_word' id='word_1_61' title='bbox 878 3128 975 3229; x_wconf 91' lang='lat' dir='ltr'>quo</span> <span class='ocrx_word' id='word_1_62' title='bbox 984 3095 1266 3230; x_wconf 88' lang='lat' dir='ltr'>principibus</span> <span class='ocrx_word' id='word_1_63' title='bbox 1274 3101 1417 3200; x_wconf 82' lang='lat' dir='ltr'>totius</span> 
     </span>
     <span class='ocr_line' id='line_1_15' title="bbox 491 3253 1416 3390; baseline -0.003 -28"><span class='ocrx_word' id='word_1_64' title='bbox 491 3254 733 3390; x_wconf 83' lang='lat' dir='ltr'>Hispaniae</span> <span class='ocrx_word' id='word_1_65' title='bbox 762 3253 950 3356; x_wconf 79' lang='lat' dir='ltr'>familiis</span> <span class='ocrx_word' id='word_1_66' title='bbox 976 3256 1121 3360; x_wconf 84' lang='lat' dir='ltr'>vestra</span> <span class='ocrx_word' id='word_1_67' title='bbox 1151 3288 1416 3360; x_wconf 80' lang='lat' dir='ltr'>annumera-</span> 
     </span>
     <span class='ocr_line' id='line_1_16' title="bbox 492 3413 1407 3548; baseline 0.001 -27"><span class='ocrx_word' id='word_1_68' title='bbox 492 3443 594 3530; x_wconf 85' lang='lat' dir='ltr'>tur,</span> <span class='ocrx_word' id='word_1_69' title='bbox 626 3415 841 3516; x_wconf 84' lang='lat' dir='ltr'>maximis</span> <span class='ocrx_word' id='word_1_70' title='bbox 858 3413 1117 3548; x_wconf 86' lang='lat' dir='ltr'>quibusque</span> <span class='ocrx_word' id='word_1_71' title='bbox 1133 3416 1183 3514; x_wconf 90' lang='lat' dir='ltr'>in</span> <span class='ocrx_word' id='word_1_72' title='bbox 1202 3417 1407 3548; x_wconf 86' lang='lat' dir='ltr'>Republ.</span> 
     </span>
     <span class='ocr_line' id='line_1_17' title="bbox 493 3573 1415 3694; baseline 0.005 -17"><span class='ocrx_word' id='word_1_73' title='bbox 493 3577 767 3680; x_wconf 49' lang='lat' dir='ltr'>muneribus*</span> <span class='ocrx_word' id='word_1_74' title='bbox 783 3573 1214 3694; x_wconf 83' lang='lat' dir='ltr'>exercitatiffimus‚</span> <span class='ocrx_word' id='word_1_75' title='bbox 1245 3576 1415 3684; x_wconf 87' lang='lat' dir='ltr'>adhoc</span> 
     </span>
    </p>
   </div>
   <div class='ocr_carea' id='block_1_4' title="bbox 493 3731 1425 4815">
    <p class='ocr_par' dir='ltr' id='par_1_4' title="bbox 493 3731 1417 4668">
     <span class='ocr_line' id='line_1_18' title="bbox 493 3731 1414 3871; baseline -0.003 -30"><span class='ocrx_word' id='word_1_76' title='bbox 493 3739 708 3859; x_wconf 86' lang='lat' dir='ltr'>virtute,</span> <span class='ocrx_word' id='word_1_77' title='bbox 739 3736 1020 3869; x_wconf 84' lang='lat' dir='ltr'>prudentia,</span> <span class='ocrx_word' id='word_1_78' title='bbox 1051 3731 1414 3871; x_wconf 76' lang='lat' dir='ltr'>magnificentia,</span> 
     </span>
     <span class='ocr_line' id='line_1_19' title="bbox 494 3895 1414 4034; baseline 0 -37"><span class='ocrx_word' id='word_1_79' title='bbox 494 3926 636 4032; x_wconf 86' lang='lat' dir='ltr'>atque</span> <span class='ocrx_word' id='word_1_80' title='bbox 673 3895 954 3996; x_wconf 81' lang='lat' dir='ltr'>humanitate</span> <span class='ocrx_word' id='word_1_81' title='bbox 979 3895 1188 4027; x_wconf 87' lang='lat' dir='ltr'>inprimis</span> <span class='ocrx_word' id='word_1_82' title='bbox 1219 3895 1414 4034; x_wconf 83' lang='lat' dir='ltr'>infignis.</span> 
     </span>
     <span class='ocr_line' id='line_1_20' title="bbox 495 4051 1416 4188; baseline 0.001 -32"><span class='ocrx_word' id='word_1_83' title='bbox 495 4055 638 4157; x_wconf 86' lang='lat' dir='ltr'>Abeo</span> <span class='ocrx_word' id='word_1_84' title='bbox 648 4053 902 4188; x_wconf 82' lang='lat' dir='ltr'>appellatus</span> <span class='ocrx_word' id='word_1_85' title='bbox 912 4051 1416 4157; x_wconf 80' lang='lat' dir='ltr'>fratermeushumanis·</span> 
     </span>
     <span class='ocr_line' id='line_1_21' title="bbox 496 4210 1414 4348; baseline 0.008 -36"><span class='ocrx_word' id='word_1_86' title='bbox 496 4211 607 4313; x_wconf 79' lang='lat' dir='ltr'>sime</span> <span class='ocrx_word' id='word_1_87' title='bbox 626 4210 739 4332; x_wconf 87' lang='lat' dir='ltr'>fuit,</span> <span class='ocrx_word' id='word_1_88' title='bbox 770 4246 822 4316; x_wconf 91' lang='lat' dir='ltr'>ut</span> <span class='ocrx_word' id='word_1_89' title='bbox 838 4214 1046 4314; x_wconf 82' lang='lat' dir='ltr'>omnitun</span> <span class='ocrx_word' id='word_1_90' title='bbox 1063 4212 1269 4332; x_wconf 87' lang='lat' dir='ltr'>illarum,</span> <span class='ocrx_word' id='word_1_91' title='bbox 1301 4249 1414 4348; x_wconf 78' lang='lat' dir='ltr'>quas</span> 
     </span>
     <span class='ocr_line' id='line_1_22' title="bbox 496 4363 1408 4491; baseline 0 -17"><span class='ocrx_word' id='word_1_92' title='bbox 496 4363 622 4491; x_wconf 81' lang='lat' dir='ltr'>dixi,</span> <span class='ocrx_word' id='word_1_93' title='bbox 655 4369 901 4474; x_wconf 81' lang='lat' dir='ltr'>cauffarum</span> <span class='ocrx_word' id='word_1_94' title='bbox 915 4373 1262 4474; x_wconf 86' lang='lat' dir='ltr'>advocationem</span> <span class='ocrx_word' id='word_1_95' title='bbox 1279 4373 1408 4474; x_wconf 88' lang='lat' dir='ltr'><strong>inse·</strong></span> 
     </span>
     <span class='ocr_line' id='line_1_23' title="bbox 507 4527 1417 4668; baseline 0.004 -38"><span class='ocrx_word' id='word_1_96' title='bbox 507 4527 579 4650; x_wconf 85' lang='lat' dir='ltr'>se,</span> <span class='ocrx_word' id='word_1_97' title='bbox 609 4529 867 4636; x_wconf 84' lang='lat' dir='ltr'>honorifico</span> <span class='ocrx_word' id='word_1_98' title='bbox 876 4533 1035 4634; x_wconf 81' lang='lat' dir='ltr'>salario</span> <span class='ocrx_word' id='word_1_99' title='bbox 1043 4531 1315 4654; x_wconf 87' lang='lat' dir='ltr'>constituto,</span> <span class='ocrx_word' id='word_1_100' title='bbox 1334 4565 1417 4668; x_wconf 82' lang='lat' dir='ltr'>pa-</span> 
     </span>
    </p>

    <p class='ocr_par' dir='ltr' id='par_1_5' title="bbox 1012 4693 1425 4815">
     <span class='ocr_line' id='line_1_24' title="bbox 1012 4693 1425 4815; baseline -0.007 -22"><span class='ocrx_word' id='word_1_101' title='bbox 1012 4693 1043 4755; x_wconf 55' lang='lat' dir='ltr'>i</span> <span class='ocrx_word' id='word_1_102' title='bbox 1082 4725 1103 4815; x_wconf 86' lang='lat'><em>3</em></span> <span class='ocrx_word' id='word_1_103' title='bbox 1332 4716 1425 4794; x_wconf 89' lang='lat' dir='ltr'>tro·</span> 
     </span>
    </p>
   </div>
   <div class='ocr_carea' id='block_1_5' title="bbox 0 0 2251 5908">
    <p class='ocr_par' dir='ltr' id='par_1_6' title="bbox 0 0 2251 5908">
     <span class='ocr_line' id='line_1_25' title="bbox 0 0 2251 5908; baseline 0 0"><span class='ocrx_word' id='word_1_104' title='bbox 0 0 2251 5908; x_wconf 95' lang='lat' dir='ltr'> </span> 
     </span>
    </p>
   </div>
  </div>
 </body>
</html>
