4476 5914
986 982 1032 1090 E
1062 981 1102 1082 P
1128 979 1156 1082 1
1186 981 1219 1085 S
1246 981 1299 1090 T
1329 983 1382 1087 0
1414 985 1456 1090 L
1485 987 1531 1090 A

815 1161 913 1266 Cui
931 1164 1136 1279 assarum
1156 1197 1245 1292 pro
1265 1163 1489 1298 Hispanis
1506 1173 1556 1271 in
1577 1169 1739 1274 Conli-

813 1320 956 1428 storio
974 1328 1134 1462 Regio
1152 1325 1401 1429 caussarum
1425 1327 1574 1451 liber,
1600 1365 1743 1467 quam

821 1486 989 1590 summi
1031 1488 1360 1628 Hispaniarum
1391 1490 1585 1626 Regis,
1615 1493 1744 1626 apud

814 1648 1071 1752 Caesaream
1089 1650 1408 1788 Majestatem,
1440 1655 1661 1756 Oratori?
1682 1653 1741 1754 In

813 1814 944 1942 cujus
964 1813 1224 1918 clientelam
1246 1815 1402 1950 potius
1421 1812 1658 1952 confugiat
1667 1813 1746 1918 hic

812 1967 957 2094 liber,
991 2009 1134 2110 quam
1150 1981 1279 2112 ejus,
1312 1977 1397 2110 qui
1415 2007 1475 2076 ex
1498 2009 1552 2078 ea
1571 1971 1747 2080 familia

814 2160 947 2234 uatus
962 2135 1051 2254 est,
1066 2169 1127 2240 ex
1141 2125 1407 2272 quaisfuit,
1425 2135 1503 2237 cui
1517 2137 1744 2273 originem

812 2287 939 2394 suam
969 2332 1024 2397 ac
1043 2301 1186 2400 vitam
1216 2301 1293 2402 hic
1311 2299 1428 2400 liber
1451 2299 1618 2402 debet?
1652 2301 1744 2402 Ac·

818 2459 946 2558 cedit
963 2457 1056 2558 huc
1075 2487 1156 2560 cua
1172 2458 1456 2561 incredibilis
1475 2458 1748 2566 humanitas,

816 2651 922 2752 quae
948 2655 1327 2758 unumquemque
1343 2623 1404 2723 ad
1433 2618 1480 2722 se
1502 2627 1750 2726 amandum

819 2783 1165 2920 colendumque
1182 2783 1367 2900 allicit,
1403 2815 1512 2884 cum
1539 2779 1748 2922 singulari

816 2947 1026 3064 virtute,
1059 2943 1334 3080 summoque
1368 2943 1609 3074 splendore
1641 2946 1752 3046 vitae

819 3106 1073 3242 conjunsla.
1114 3105 1337 3212 Vidimus
1354 3105 1439 3240 ipsr
1458 3105 1575 3238 saepe
1593 3139 1748 3206 coram

816 3271 874 3370 ia
891 3269 1028 3370 Urbe
1046 3267 1132 3367 hac
1144 3264 1336 3397 Imperii
1354 3269 1555 3367 maxima
1566 3261 1749 3367 clarilli·

819 3459 990 3561 maque
1007 3425 1343 3563 Norimberga3
1365 3429 1748 3562 tequevidentes2

823 3588 974 3724 ipsum
991 3589 1347 3722 quodammodo
1366 3591 1535 3695 intueri
1562 3591 1746 3723 Regem

820 3751 1080 3851 maximum
1108 3747 1413 3869 videbamur,
1444 3761 1492 3854 &
1520 3749 1750 3882 magnitu-

817 3915 943 4016 dinis
970 3905 1240 4045 Hispanicae
1268 3909 1455 4012 molem.
1519 3911 1655 4043 Qid
1681 3907 1748 4008 est

810 4037 948 4177 „enim
969 4073 1171 4209 Legatus
1186 4071 1345 4190 aliud,
1377 4105 1519 4209 quam
1537 4083 1658 4174 os&
1678 4067 1749 4172 fa-

822 4241 917 4340 cies
935 4241 1032 4368 ejus
1040 4240 1099 4353 ,d
1120 4271 1219 4371 quo
1237 4232 1390 4336 missus
1413 4233 1503 4354 est,
1522 4233 1747 4366 cujusque

818 4396 1196 4532 obidpersonam
1214 4391 1747 4498 sustinereexistimatur?

818 4565 947 4666 Bene
974 4557 1266 4694 feliciterque
1283 4559 1432 4663 valeat
1450 4549 1746 4659 illustrissima

1579 4715 1747 4852 urgu-
