4476 5914
995 923 1040 1030 E
1072 922 1173 1030 ΡΙ
1203 935 1236 1034 S
1268 925 1322 1036 T
1355 929 1407 1036 0
1442 931 1487 1036 1.
1518 932 1566 1038 A

810 1101 939 1212 Nam
957 1105 1129 1212 relistis
1144 1105 1462 1241 compluribus
1479 1113 1541 1216 de
1552 1116 1656 1252 jure
1676 1111 1743 1214 ci·

810 1269 899 1376 vili
926 1269 1305 1388 commentariis,
1336 1297 1446 1372 cunr
1479 1305 1561 1375 eos
1586 1303 1748 1376 omnen
1965 1321 1972 1338 ·

810 1425 1042 1566 supprimi
1068 1428 1146 1536 vel
1171 1427 1349 1532 aboleri
1372 1426 1590 1567 jussiss'et,
1618 1433 1746 1540 hunc

814 1590 964 1698 solum
983 1593 1195 1726 exnepit,
1227 1621 1397 1724 quem,
1418 1592 1550 1727 quod
1573 1595 1749 1722 minus,

816 1787 961 1893 quarn
971 1752 1147 1872 caeteri,
1164 1747 1749 1889 imperfeeruminusque

814 1910 1061 2048 impolitus
1090 1902 1201 2014 eller
1222 1913 1323 2028 ,in
1346 1907 1500 2012 lucem
1524 1913 1649 2014 ime
1668 1902 1750 2014 edi

817 2067 984 2172 voluit.
1020 2067 1249 2169 Continet
1266 2093 1422 2170 autem
1434 2065 1513 2168 hic
1530 2066 1750 2169 liberdis-

816 2227 1102 2362 ceptationes
1128 2258 1286 2332 earum
1313 2225 1749 2352 controversatum,

817 2419 936 2525 quas
963 2389 1014 2486 in
1040 2420 1186 2524 regno
1218 2385 1400 2520 Angliae
1426 2383 1634 2522 Hispani
1648 2387 1749 2490 alii·

819 2579 915 2684 que
953 2547 1143 2652 Cathol.
1171 2543 1352 2682 Majest.
1401 2544 1609 2670 subdiri,
1641 2580 1750 2652 cum

816 2708 1019 2813 externis
1038 2719 1087 2812 &
1103 2703 1201 2808 fere
1222 2704 1477 2808 Hollnndir
1494 2709 1750 2846 agitavere,

819 2899 959 2970 exeo
976 2893 1222 3002 tempore,
1251 2901 1350 3004 quo
1370 2863 1681 2970 Serenillimus
1700 2877 1750 2972 &

823 3025 1183 3161 Sapientillrmus
1192 3029 1305 3128 Rex
1316 3024 1521 3162 Jacobus
1535 3025 1574 3125 1.
1584 3024 1751 3132 floren·

816 3185 979 3290 tillrmi
995 3187 1117 3288 illius
1136 3187 1266 3322 regni
1277 3179 1601 3315 polleffionem
1619 3221 1750 3291 acce·

817 3350 903 3480 pit.
948 3348 1080 3450 Nam
1099 3377 1217 3482 pace
1234 3377 1344 3447 cum
1363 3343 1583 3479 Hispanis
1603 3346 1751 3496 fasta,

816 3506 1039 3642 initisque
1056 3505 1349 3630 foederibus,
1382 3541 1489 3610 cunr
1507 3501 1633 3646 quali
1650 3545 1748 3614 me·

818 3669 925 3770 dius
934 3669 1194 3804 interjectus
1204 3735 1221 3786 ,
1238 3671 1357 3770 inter
1366 3671 1477 3772 duas
1482 3700 1639 3810 gentes
1650 3673 1765 3777 bel·-

817 3827 868 3928 lo
884 3829 1145 3966 graviffimo
1157 3867 1213 3934 ac
1223 3865 1343 3966 pene
1365 3833 1645 3938 interneciuo
1656 3833 1748 3940 dil·

812 3983 1045 4114 fiden'tes,
1073 3995 1260 4128 utrique
1290 4021 1443 4098 tamen
1459 3999 1665 4118 amicus,
1696 4007 1745 4101 &

812 4139 1211 4276 foederatusellet,
1243 4192 1338 4260 non
1345 4161 1528 4296 potuit,
1559 4160 1672 4297 quin
1682 4159 1745 4261 de

813 4314 1132 4417 controversus
1152 4349 1344 4454 quoque
1361 4355 1547 4443 earum,
1581 4351 1745 4456 quere-

811 4471 996 4610 lisque,
1028 4511 1142 4608 quns
1158 4482 1221 4584 ad
1238 4478 1334 4586 sese
1360 4482 1655 4604 detulissent,
1684 4514 1742 4580 ae·

1644 4675 1744 4784 quo
