4402 5910
548 880 1191 1025 Hisntnsnnvocnnutn
1214 935 1271 1020 11.
1313 959 1385 1044 217

455 1066 740 1150 aestimationem
748 1063 797 1144 du
824 1060 1388 1172 licatan‚sneddiresipsaenon

456 1190 640 1270 poterunt.
663 1167 724 1247 Sic
732 1155 785 1245 est
795 1088 981 1262 fidejussio.
1006 1161 1056 1240 Et
1071 1164 1389 1272 videtigitutlllu-

458 1269 541 1350 stris
550 1265 890 1366 DominusJudext
912 1263 1385 1363 quamfiutmotofiadvet-

458 1367 538 1448 sarii
555 1372 673 1451 nostri
694 1395 703 1446 :
723 1369 787 1470 qui
800 1364 930 1444 volunt
938 1362 1119 1466 Legatum
1130 1367 1190 1444 vel
1203 1371 1284 1467 jura
1300 1370 1387 1462 sua,

458 1471 519 1550 vel
531 1498 587 1552 res
602 1469 772 1574 perdere,
795 1464 908 1543 veluti
917 1467 1114 1543 mulierilla
1127 1466 1282 1562 scilicet,
1304 1495 1388 1572 quae

458 1569 650 1650 Salomoni
666 1569 843 1658 dicebat,
876 1573 996 1671 Neque
1009 1570 1092 1644 mibi
1106 1575 1191 1670 esto,
1213 1595 1254 1650 ne
1277 1595 1316 1646 ut
1329 1569 1391 1648 illi.

461 1671 548 1773 Age
565 1693 605 1750 tu
621 1671 884 1757 Salomonem,
907 1663 1062 1748 domine
1073 1667 1206 1767 Judex.
1277 1699 1299 1750 e
1315 1671 1392 1750 fine

459 1795 541 1850 rem
558 1773 755 1872 corrumpi.
789 1766 981 1867 Abrumpe
997 1769 1220 1868 hammus,
1243 1775 1390 1859 &eilias

459 1895 603 1952 omncs.
625 1873 764 1973 Neque
773 1866 1182 1969 appellationihiclocus
1190 1873 1394 1954 eritadver·

461 1970 520 2052 sus
537 1978 822 2076 pronunciatum
844 1984 981 2046 tuumt
1005 1973 1070 2051 ubi
1090 1973 1136 2052 de
1154 1975 1264 2054 rebus
1288 1997 1395 2053 mora

462 2073 594 2152 futuris
633 2069 876 2152 deterioribus
901 2071 1022 2170 agitur
1046 2073 1089 2154 &
1114 2076 1290 2178 petituris.
1342 2073 1394 2152 Et

462 2177 556 2276 parti
581 2172 740 2252 aduersae
757 2169 823 2249 ubi
845 2169 925 2273 plus
948 2173 1060 2251 nimis
1088 2173 1296 2253 consultum
1327 2173 1394 2260 est.

464 2273 524 2352 Sit
536 2275 622 2352 alibi
641 2275 867 2378 appellatio,
897 2293 975 2348 non
993 2275 1064 2352 hic.
1111 2274 1211 2353 Non
1237 2270 1393 2354 transeat

464 2375 554 2452 alibi
578 2377 619 2451 in
646 2375 851 2472 judicatum
882 2369 1107 2462 aestimatio,
1142 2373 1292 2454 transeat
1308 2373 1395 2464 hic,

467 2476 534 2553 ubi
551 2473 646 2554 fallu
664 2499 726 2576 per
745 2473 942 2573 deputatos
961 2475 1144 2574 punam,
1166 2474 1211 2550 δε
1229 2498 1296 2574 pet
1312 2483 1397 2576 pat·

466 2593 543 2668 tes,
568 2577 676 2654 tacite
691 2574 840 2658 saltem,
863 2561 1104 2670 comproba‘ta
1118 2569 1194 2665 est,
1218 2573 1279 2650 hic
1297 2592 1400 2655 tran·

469 2675 566 2756 fierit
582 2672 862 2776 injudicatum,
884 2692 933 2745 ne
949 2671 1011 2750 fiat
1029 2694 1137 2750 mota
1155 2673 1261 2750 rebus
1280 2719 1295 2764 ,
1318 2698 1399 2754 non

468 2777 671 2860 ferentibus
689 2795 844 2852 moram.
894 2767 956 2849 Sic
971 2769 1103 2872 absque
1117 2769 1197 2850 ollis
1213 2775 1280 2852 alle
1325 2776 1399 2852 tio-

468 2879 670 2956 nibusvito
680 2875 914 2974 undiquaque
924 2871 1152 2968 doullimm
1168 2875 1276 2980 &po
1315 2876 1400 2956 alius

469 2977 704 3080 allegationes
714 2976 896 3056 hesternas

712 3271 949 3356 citou
998 3269 1156 3356 xx11.

504 3449 675 3576 Epistola
684 3451 732 3542 ad
742 3449 1019 3569 Theologum,
1030 3448 1370 3568 Legatoisactitt

680 3593 826 3699 suadet,
845 3595 945 3678 uendi
960 3619 1012 3676 m
1027 3593 1193 3699 litigiosas.

545 3795 561 3876 1
577 3797 705 3876 venite
720 3796 859 3900 polleni
878 3797 975 3901 ipse,
998 3797 1149 3877 nonhas
1165 3795 1399 3890 adtesctibe·

543 3923 634 3977 tem.
656 3897 762 3977 Nam
779 3902 892 3978 litetae
911 3923 990 3977 non
1009 3899 1249 4006 respondent,
1272 3897 1404 4000 siquid

476 4000 653 4098 excipitur
660 4019 786 4079 contra
796 4026 804 4076 :
815 3999 1118 4100 &responderem
1126 3997 1204 4100 ipse.
1211 4018 1358 4078 tamen,
1375 3995 1402 4076 fi

476 4100 566 4199 quid
577 4099 735 4178 dicerem
743 4125 897 4192 coram,
915 4124 984 4178 nec
992 4101 1031 4178 id
1044 4101 1184 4201 judicio
1195 4097 1402 4201 tuopetspi·

476 4199 662 4278 cacislimo
673 4199 752 4278 satis
763 4200 907 4301 probari
922 4199 1115 4279 videretur.
1144 4199 1220 4279 Sed
1238 4197 1287 4277 fic
1303 4200 1403 4277 acci·

477 4300 555 4385 dit,
577 4321 617 4377 ut
626 4300 729 4377 domi
738 4324 804 4403 per
820 4299 1066 4378 ualetudinem
1084 4322 1194 4403 cogat
1207 4321 1269 4378 me
1280 4300 1401 4378 conti·

477 4424 577 4478 nete.
608 4399 658 4477 Et
667 4420 706 4476 tu
716 4401 898 4504 igiturpro
909 4401 1331 4502 humanitatetualeges,
1354 4401 1398 4478 &

476 4501 633 4580 tuebetis
662 4521 731 4600 pto
765 4501 969 4580 eruditione
1004 4500 1215 4579 sententiam
1241 4522 1403 4586 meam,

480 4623 593 4702 quun
607 4597 725 4680 scribo
748 4603 807 4686 vel
824 4622 943 4707 ponus
954 4599 1065 4778 gillo
1082 4625 1123 4681 tn
1141 4623 1267 4796 puoto(
1281 4602 1401 4702 capite

1019 4721 1039 4789 5
1277 4722 1394 4794 ΨΜ·
