4402 5910
796 955 869 1040 218
962 949 1230 1032 narraret
1254 949 1523 1034 Gonnus

794 1075 967 1180 (quando
988 1078 1165 1156 convenit
1182 1075 1230 1154 de
1302 1073 1473 1176 steriore)
1498 1073 1724 1154 venditionis

796 1176 1035 1256 celebrandae.
1088 1175 1238 1256 Utilise
1286 1175 1519 1278 praesentium
1536 1177 1723 1255 bonorum

799 1279 1057 1376 conservatio,
1082 1299 1145 1358 aut
1163 1279 1366 1358 absentium
1388 1279 1638 1378 comparatio,
1661 1293 1725 1355 aut

801 1380 984 1460 malorum
1002 1379 1249 1484 propulsatio,
1272 1381 1332 1458 vel
1346 1377 1548 1456 inhibitio:
1575 1401 1616 1456 ut
1635 1377 1724 1457 Ari·

798 1479 943 1560 stoteles
961 1532 975 1576 ,
1000 1481 1074 1560 srve
1115 1483 1170 1560 uis
1193 1482 1283 1558 alius
1300 1477 1430 1557 auster
1446 1477 1661 1564 Rhetoricae
1677 1473 1726 1557 ad

799 1581 1057 1662 Alexandrum
1070 1505 1208 1673 ,docet
1233 1579 1567 1672 Venditiouutem,
1590 1579 1639 1658 de
1654 1599 1727 1694 qut

797 1687 1030 1782 quaerinrus,
1054 1683 1244 1764 conservat
1269 1683 1377 1760 nobit
1397 1683 1496 1762 boue
1514 1681 1724 1783 praesentia,

797 1784 1230 1886 propulsatincommoda
1250 1783 1398 1876 futura,
1422 1799 1464 1860 ut
1482 1805 1558 1880 ego
1574 1779 1727 1882 quidem

795 1883 964 1963 censeo:
998 1887 1042 1964 dc
1066 1887 1197 1966 censeo
1218 1931 1232 1976 ,
1256 1905 1319 1962 me
1345 1908 1425 1962 non
1449 1879 1595 1962 censere
1622 1879 1728 1958 male.

799 1979 868 2058 Tu
878 1986 1030 2085 tamen(
1038 1987 1121 2064 audi
1134 1983 1729 2086 modo)censebisloogeoptime.

797 2079 1062 2164 Pronuntiavit
1103 2086 1219 2180 udex,
1243 2075 1559 2188 quemadmodum
1569 2081 1731 2184 Legatue

801 2182 1046 2288 &effetinpo
1075 2186 1206 2266 essione
1224 2186 1432 2276 bonorum,-
1466 2181 1509 2260 dc
1525 2185 1566 2260 in
1581 2197 1625 2260 e'a
1642 2178 1732 2260 esset

799 2281 1013 2386 poisesfione
1030 2285 1235 2368 servandus.
1259 2285 1380 2362 Nunc
1397 2281 1424 2360 sr
1442 2281 1632 2362 adversarii
1650 2281 1733 2379 (di-

676 2475 680 2484 ,
801 2386 1016 2464 cuverbum
1033 2385 1276 2482 veriffimum)
1297 2383 1438 2483 judicio
1453 2399 1563 2500 agant
1579 2403 1733 2485 reeupe-

799 2486 962 2578 ratori03
988 2485 1122 2564 eodem
1141 2483 1352 2588 posseffione
1371 2483 1532 2584 spoliau,
1557 2503 1732 2560 momen·

798 2597 1036 2686 tutempore,
1062 2584 1208 2678 triduo,
1230 2581 1636 2664 trihoriorestituentur.
1659 2579 1733 2660 Vi·

799 2684 920 2762 cimus
934 2682 1111 2764 hedenus
1122 2683 1489 2764 multeiocausa'ista
1504 2707 1569 2787 per
1587 2684 1733 2760 bonum

802 2782 942 2878 fatum,
965 2783 1090 2864 nescio
1111 2809 1159 2864 an
1175 2809 1241 2889 per
1254 2809 1302 2863 ne
1328 2783 1516 2960 i’pgemiam
1537 2785 1645 2886 partie
1667 2779 1735 2862 ad·

801 2881 915 2963 versae
925 2887 1082 2980 malam,
1105 2887 1217 2964 etiam
1226 2909 1275 2988 qu
1368 2881 1664 2962 enovaioeunda
1679 2907 1734 2962 te·

803 2981 1219 3078 stimationenonurfit‚
1245 2983 1472 3087 implicandis
1481 2987 1591 3064 novis
1601 2984 1733 3065 morit:

806 3083 1735 3184 utpotuitbelliisrmeMenoch.adipisc.rem.5·nu.

808 3181 894 3264 166.
918 3185 976 3264 vel
992 3187 1076 3288 quia
1086 3183 1282 3264 aestimatio
1291 3208 1479 3286 nunquam
1491 3181 1662 3263 transreiu
1680 3183 1735 3280 ju·

809 3281 998 3377 dicatum,
1021 3286 1079 3364 vel
1091 3286 1197 3388 quia,
1220 3283 1315 3364 faeta
1332 3305 1460 3369 autea,
1480 3285 1542 3362 alii
1560 3283 1735 3364 finieafu·

807 3381 959 3462 defuit·
983 3383 1105 3466 Etiam
1115 3385 1217 3487 quod
1232 3383 1279 3462 de
1289 3383 1665 3485 fidejufforibuenovis
1674 3406 1735 3462 ac·

808 3483 986 3583 cipiendis
1004 3509 1082 3563 non
1096 3487 1231 3586 exigit,
1257 3483 1298 3564 δι
1314 3487 1433 3587 potuit
1447 3487 1589 3586 optime
1609 3510 1621 3562 r
1648 3506 1736 3562 narn

804 3581 979 3662 datiolim
990 3583 1037 3662 de
1045 3586 1187 3684 judicio
1196 3584 1275 3670 isti,
1297 3609 1409 3687 reque
1419 3608 1497 3663 non
1509 3583 1737 3677 barattauda,

807 3706 887 3760 nuo
896 3702 1066 3764 tenentur
1070 3689 1145 3785 jam
1157 3711 1196 3763 re
1205 3685 1300 3764 india
1308 3687 1427 3764 venali
1434 3707 1499 3786 per
1511 3684 1736 3786 iuditispro·

809 3787 1084 3862 nuntiationem
1132 3787 1254 3864 Etiam
1277 3789 1325 3864 ab
1350 3788 1419 3865 hac
1433 3787 1738 3888 pronunciatione

810 3887 1116 3988 potuitappelime
1139 3911 1148 3962 ε
1173 3911 1260 3966 cum
1269 3887 1355 3966 esset
1365 3887 1569 3966 secuturum
1584 3909 1732 3988 recupe-

808 3986 983 4063 ratorium
1012 3985 1257 4088 supradidtum
1279 4004 1615 4068 momentaneum:
1636 3985 1737 4089 quod

808 4084 873 4160 sua
892 4085 1068 4164 brevitate
1084 4089 1247 4189 periculo
1263 4087 1472 4190 perditionis
1485 4111 1607 4166 rerum
1625 4136 1640 4182 ,
1664 4109 1737 4166 nec

810 4181 1000 4264 fruetuum
1014 4188 1263 4280 horatiorum,
1285 4191 1587 4269 satisoccurreret.
1612 4191 1737 4290 Atque

815 4283 891 4362 hoc
909 4291 1163 4390 recuperatorii
1180 4291 1381 4368 remedium
1402 4289 1529 4391 juditii
1547 4287 1572 4364 sr
1592 4285 1735 4380 filetur,

811 4403 954 4485 outego
962 4391 1071 4466 totius
1079 4385 1155 4466 sum
1167 4391 1311 4489 ignarus
1314 4393 1428 4492 juris,
1447 4376 1736 4566 aut'idemigno·

812 4502 896 4560 rant
912 4487 1118 4566 universum
1135 4487 1271 4568 adverfi
1297 4493 1450 4591 patroni.
1484 4489 1614 4593 Pergo.
1664 4491 1737 4566 io·

814 4583 962 4666 mittant
992 4585 1041 4666 de
1067 4591 1173 4671 omui
1206 4590 1419 4696 puiieffioue
1452 4587 1662 4696 disputare,
1694 4589 1738 4668 δι

1643 4710 1737 4770 Con·
